@article{kock1970monads,
  title={Monads on symmetric monoidal closed categories},
  author={Kock, Anders},
  journal={Archiv der Mathematik},
  volume={21},
  number={1},
  pages={1--10},
  year={1970},
  publisher={Springer}
}
