@article{kock1970monads,
  title={Monads on symmetric monoidal closed categories},
  author={Kock, Anders},
  journal={Archiv der Mathematik},
  volume={21},
  number={1},
  pages={1--10},
  year={1970},
  publisher={Springer}
}

@techreport{Benton:1994,
	Author = {Benton, P. N.},
	Institution = {University of Cambridge Computer Laboratory},
	Number = {UCAM-CL-TR-352},
	Title = {A Mixed Linear and Non-Linear Logic: Proofs, Terms and Models (Preliminary Report)},
	Year = {1994}}
